@article{tomsk_2011,
  title={Основы компьютерной графики: учебное пособие},
  author={Демин, АЮ},
  journal={Томск: Изд-во Томского политехнического университета},
  year={2011}
}

@article{tomsk_2012,
  title={Компьютерная графика},
  author={Перемитина, ТО},
  year={2012},
  publisher={федеральное государственное бюджетное образовательное учреждение высшего~…}
}

@article{piter_2002,
  title={Компьютерная графика},
  author={Порев, ВН},
  journal={СПб.: БХВ-Петербург},
  volume={432},
  pages={3},
  year={2002}
}

@misc{interference,
	title="Understanding Interference. Patterns in Soap Films. Eric Tompkins. Stony Brook Laser Teaching Center. [Электронный ресурс].",
	howpublished="--- Режим доступа: \url{https://laser.physics.sunysb.edu/_ett/report/index.html} (дата обращения: 17.09.2023)."
}

@misc {c++,
    title="Документация по языку C++. [Электронный ресурс].",
	howpublished="--- Режим доступа: \url{https://learn.microsoft.com/ru-ru/cpp/cpp/?view=msvc-170} (дата обращения: 17.09.2023)."
}

@misc {qt,
    title="Документация по фреймворку Qt [Электронный ресурс].",
	howpublished="--- Режим доступа: \url{https://doc.qt.io}(дата обращения: 13.08.2023)."
}

@misc {gtest,
    title="Документация по библиотеке Google Test [Электронный ресурс].",
	howpublished="--- Режим доступа: \url{https://google.github.io/googletest/}(дата обращения: 13.08.2023)."
}

@misc {bubble_photo,
    title="Фото мыльного пузыря [Электронный ресурс].",
	howpublished="--- Режим доступа: \url{https://photo.99px.ru/photos/107854/}(дата обращения: 13.11.2023)."
}


%====================================================

@book{falcidieno2012modeling,
  title={Modeling in computer graphics: methods and applications},
  author={Falcidieno, Bianca and Kunii, Tosiyasu L},
  year={2012},
  publisher={Springer Science \& Business Media}
}


@book{falcidieno2012modeling,
  title={Modeling in computer graphics: methods and applications},
  author={Falcidieno, Bianca and Kunii, Tosiyasu L},
  year={2012},
  publisher={Springer Science \& Business Media}
}


@book{salomon2012computer,
  title={Computer graphics and geometric modeling},
  author={Salomon, David},
  year={2012},
  publisher={Springer Science \& Business Media}
}



@book{falcidieno2012modeling,
  title={Modeling in computer graphics: methods and applications},
  author={Falcidieno, Bianca and Kunii, Tosiyasu L},
  year={2012},
  publisher={Springer Science \& Business Media}
}


@article{devaifuture,
  title={The Future of Graphics Processors},
  author={D{\'e}vai, F}
}




@book{warnock1969hidden,
  title={A hidden surface algorithm for computer generated halftone pictures},
  author={Warnock, John Edward},
  year={1969},
  publisher={The University of Utah}
}



@book{foley1996computer,
  title={Computer graphics: principles and practice},
  author={Foley, James D},
  volume={12110},
  year={1996},
  publisher={Addison-Wesley Professional}
}



@article{crow1977shadow,
  title={Shadow algorithms for computer graphics},
  author={Crow, Franklin C},
  journal={Acm siggraph computer graphics},
  volume={11},
  number={2},
  pages={242--248},
  year={1977},
  publisher={ACM New York, NY, USA}
}


@inproceedings{будак2023сравнительный,
  title={Сравнительный анализ моделей цветового восприятия для реалистической визуализации в программах глобального освещения},
  author={Будак, ВП and Галлямов, ИР and Киселёв, ДА},
  booktitle={Графикон-конференции по компьютерной графике и зрению},
  volume={33},
  pages={116--124},
  year={2023}
}


@article{жаксылык2021применение,
  title={ПРИМЕНЕНИЕ ЕСТЕСТВЕННОГО И ИСКУССТВЕННОГО ОСВЕЩЕНИЯ И ТРАССИРОВКИ ЛУЧЕЙ ПРИ ТРЕХМЕРНОМ МОДЕЛИРОВАНИИ},
  author={Жаксылык, А and Ахметова, НС and Ибрагимов, Р},
  journal={Вестник Казахстанско-Британского технического университета},
  volume={16},
  number={3},
  pages={253--258},
  year={2021}
}



@article{боголепов2012система,
  title={Система интерактивного расчета глобального освещения для гибридных сцен},
  author={Боголепов, Денис and Сопин, Дмитрий and Ульянов, Данила and Турлапов, Вадим},
  journal={Труды},
  year={2012}
}



@inproceedings{кутенев2019разработка,
  title={Разработка и реализация алгоритма трассировки лучей в реальном времени на основе динамического воксельного октодерева},
  author={Кутенев, ИД},
  booktitle={Информационные технологии},
  pages={10--10},
  year={2019}
}



@inproceedings{половинина2018исследование,
  title={ИССЛЕДОВАНИЕ ВОЗМОЖНОСТЕЙ АЛГОРИТМОВ УДАЛЕНИЯ НЕВИДИМЫХ ПОВЕРХНОСТЕЙ ДЛЯ ПОСТРОЕНИЯ РЕАЛИСТИЧНЫХ ИЗОБРАЖЕНИЙ},
  author={Половинина, Александра Александровна and Егорова, Юлия Георгиевна},
  booktitle={НАУЧНО-ТЕХНИЧЕСКОЕ ТВОРЧЕСТВО АСПИРАНТОВ И СТУДЕНТОВ},
  pages={227--229},
  year={2018}
}


@article{головнин2016базовые,
  title={Базовые алгоритмы компьютерной графики},
  author={Головнин, АА},
  journal={Проблемы качества графической подготовки студентов в техническом вузе: традиции и инновации},
  volume={1},
  pages={13--30},
  year={2016},
  publisher={Федеральное государственное бюджетное образовательное учреждение высшего~…}
}


@article{романюк2000алгоритмы,
  title={Алгоритмы построения теней},
  author={Романюк, АН and Куринный, МВ and Романюк, ОН and Курінний, МВ},
  year={2000},
  publisher={журнал" Компьютеры+ программы"}
}



@book{berne2000dynamic,
  title={Dynamic light scattering: with applications to chemistry, biology, and physics},
  author={Berne, Bruce J and Pecora, Robert},
  year={2000},
  publisher={Courier Corporation}
}


@misc {macos,
    title="macOS Sonoma [Электронный ресурс].",
 howpublished="--- Режим доступа: \url{https://www.apple.com/macos/sonoma/}(дата обращения: 23.11.2023)."
}